@article{lzs-nieyan, 
author = "Xiang C C and Nie Y and Feng Z K", 
title = "Low-loss Z-type hexaferrite with Sr-substitution for microwave antenna miniaturization[C]", 
journal = "IEEE International Symposium on Microwave, Antenna, Propagation, & Emc Technologies for Wireless Communications", 
pages = "71-74", 
year = "2011", 
} 